<marc:collection xmlns:marc="http://www.loc.gov/MARC21/slim" xmlns:xsi="http://www.w3.org/2001/XMLSchema-instance" xsi:schemaLocation="http://www.loc.gov/MARC21/slim http://www.loc.gov/standards/marcxml/schema/MARC21slim.xsd">
    <marc:record type="Bibliographic">
        <marc:leader>03038cem a2200445Ia 4500</marc:leader>
        <marc:controlfield tag="001">5339764</marc:controlfield>
        <marc:controlfield tag="005">20080714082323.0</marc:controlfield>
        <marc:controlfield tag="007">aj canzn</marc:controlfield>
        <marc:controlfield tag="008">940630s1852    sp de     a     0   spa d</marc:controlfield>
        <marc:datafield tag="035" ind1=" " ind2=" ">
            <marc:subfield code="a">(OCoLC)ocm30691977</marc:subfield>
        </marc:datafield>
        <marc:datafield tag="040" ind1=" " ind2=" ">
            <marc:subfield code="a">EYM</marc:subfield>
            <marc:subfield code="c">EYM</marc:subfield>
            <marc:subfield code="d">OCL</marc:subfield>
            <marc:subfield code="d">OCLCQ</marc:subfield>
            <marc:subfield code="d">NjP</marc:subfield>
        </marc:datafield>
        <marc:datafield tag="034" ind1="1" ind2=" ">
            <marc:subfield code="a">a</marc:subfield>
            <marc:subfield code="b">1000000</marc:subfield>
            <marc:subfield code="d">E1163900</marc:subfield>
            <marc:subfield code="e">E1261900</marc:subfield>
            <marc:subfield code="f">N0220000</marc:subfield>
            <marc:subfield code="g">S0070000</marc:subfield>
        </marc:datafield>
        <marc:datafield tag="035" ind1=" " ind2=" ">
            <marc:subfield code="a">(OCoLC)30691977</marc:subfield>
        </marc:datafield>
        <marc:datafield tag="043" ind1=" " ind2=" ">
            <marc:subfield code="a">a-ph---</marc:subfield>
        </marc:datafield>
        <marc:datafield tag="052" ind1=" " ind2=" ">
            <marc:subfield code="a">8060</marc:subfield>
        </marc:datafield>
        <marc:datafield tag="090" ind1=" " ind2=" ">
            <marc:subfield code="a">G8060 1852</marc:subfield>
            <marc:subfield code="b">.I8</marc:subfield>
        </marc:datafield>
        <marc:datafield tag="245" ind1="0" ind2="0">
            <marc:subfield code="a">Islas Filipinas</marc:subfield>
            <marc:subfield code="h">[map] /</marc:subfield>
            <marc:subfield code="c">este mapa ha sido en escala mayor por el Señor D. Antonio Morata ; la publicacion ha sido hecha con ligeras adiciones, por D. Francisco Coello ; notas estadísticas y históricas escritas por D. Pascual Madoz.</marc:subfield>
        </marc:datafield>
        <marc:datafield tag="246" ind1="3" ind2=" ">
            <marc:subfield code="a">Atlas de España y sus posesiones de ultramar</marc:subfield>
        </marc:datafield>
        <marc:datafield tag="246" ind1="3" ind2=" ">
            <marc:subfield code="a">Diccionario geográfico-estadístico-histórico</marc:subfield>
        </marc:datafield>
        <marc:datafield tag="255" ind1=" " ind2=" ">
            <marc:subfield code="a">Scale 1:1,000,000</marc:subfield>
            <marc:subfield code="c">(E 116⁰39ʹ--E 126⁰19ʹ/N 22⁰00ʹ--S 2⁰40ʹ).</marc:subfield>
        </marc:datafield>
        <marc:datafield tag="260" ind1=" " ind2=" ">
            <marc:subfield code="a">Madrid :</marc:subfield>
            <marc:subfield code="b">[s.n.],</marc:subfield>
            <marc:subfield code="c">1852.</marc:subfield>
        </marc:datafield>
        <marc:datafield tag="300" ind1=" " ind2=" ">
            <marc:subfield code="a">1 map on 3 sheets :</marc:subfield>
            <marc:subfield code="b">hand col. ;</marc:subfield>
            <marc:subfield code="c">200 x 102 cm., sheets 82 x 118 cm.</marc:subfield>
        </marc:datafield>
        <marc:datafield tag="500" ind1=" " ind2=" ">
            <marc:subfield code="a">Relief shown by hachures. Depths shown by soundings.</marc:subfield>
        </marc:datafield>
        <marc:datafield tag="500" ind1=" " ind2=" ">
            <marc:subfield code="a">Prime meridian: Madrid.</marc:subfield>
        </marc:datafield>
        <marc:datafield tag="500" ind1=" " ind2=" ">
            <marc:subfield code="a">In upper margin: Diccionario geográfico-estadístico-histórico ; Atlas de España y sus posesiones de ultramar.</marc:subfield>
        </marc:datafield>
        <marc:datafield tag="500" ind1=" " ind2=" ">
            <marc:subfield code="a">Sheets titled: Posesiones de Oceania -- Primera hoja central -- Segunda hoja central.</marc:subfield>
        </marc:datafield>
        <marc:datafield tag="500" ind1=" " ind2=" ">
            <marc:subfield code="a">"Grabado en Madrid bajo la direccion de D. Juan Noguera. El contorno y la topografia por Desbuissons y Raynaud, la letra por Bacot"--Primera hoja.</marc:subfield>
        </marc:datafield>
        <marc:datafield tag="500" ind1=" " ind2=" ">
            <marc:subfield code="a">"Grabado en Madrid bajo la direccion del autor. El contorno por Leclercq, la topografia por Desbuissons, la letra por Bacot"--Segunda hoja and posesiones sheet.</marc:subfield>
        </marc:datafield>
        <marc:datafield tag="500" ind1=" " ind2=" ">
            <marc:subfield code="a">Includes text.</marc:subfield>
        </marc:datafield>
        <marc:datafield tag="500" ind1=" " ind2=" ">
            <marc:subfield code="a">Sheet 2 is too fragile to scan.</marc:subfield>
            <marc:subfield code="3">NjP</marc:subfield>
        </marc:datafield>
        <marc:datafield tag="500" ind1=" " ind2=" ">
            <marc:subfield code="a">Insets: Bahia de Manila (1:500,000) -- Puerto de Maribeles (1:50,000) -- Parte de costa de la Bahaia de Manila (1:50,000) -- Puerto de Cavite (1:50,000) -- Manila y sus contornos (1:20,000) -- Puerto de San Miguel (1:50,000) -- Puerto de San Jose o de Busin (1:50,000) -- Ensenada de Magnog (1:50,000) -- Puerto de Sorsogon (1:250,000) -- Puerto de Barreb as o Lanang (1:250,000) -- Puerto de Sa. Jacinto (1:50,000)-- Puerto de Cebu (1:250,000) -- Puerto de Batan (1:250,000) -- Puerto de Palapa (1:250,000) -- Puerto de Mandao (1:250,000) -- Bahi de Malusu (1:250,000) -- Rada de Bevuan o Jolo (1:250,000) -- Rada y Puerto de la Isabella (1:250,000) -- Cuadro de reunion del mapa de Filipinas (1:10,000,000) -- Puerto de St. Maria (1:250,000) -- Zamboanga (1:250,000) -- Puerto de Baras (1:250,000).</marc:subfield>
        </marc:datafield>
        <marc:datafield tag="651" ind1=" " ind2="0">
            <marc:subfield code="a">Philippines</marc:subfield>
            <marc:subfield code="v">Maps.</marc:subfield>
        </marc:datafield>
        <marc:datafield tag="655" ind1=" " ind2="7">
            <marc:subfield code="a">Maps</marc:subfield>
            <marc:subfield code="z">Philippines</marc:subfield>
            <marc:subfield code="y">1852.</marc:subfield>
            <marc:subfield code="2">aat</marc:subfield>
        </marc:datafield>
        <marc:datafield tag="700" ind1="1" ind2=" ">
            <marc:subfield code="a">Coello, Francisco,</marc:subfield>
            <marc:subfield code="d">1822-1898.</marc:subfield>
        </marc:datafield>
        <marc:datafield tag="700" ind1="1" ind2=" ">
            <marc:subfield code="a">Madoz, Pascual,</marc:subfield>
            <marc:subfield code="d">1806-1870.</marc:subfield>
        </marc:datafield>
        <marc:datafield tag="700" ind1="1" ind2=" ">
            <marc:subfield code="a">Morata, Antonio.</marc:subfield>
        </marc:datafield>
        <marc:datafield tag="856" ind1="4" ind2="1">
            <marc:subfield code="z">See the map (sheet 1)</marc:subfield>
            <marc:subfield code="u">http://gisserver.princeton.edu/map/11499</marc:subfield>
        </marc:datafield>
        <marc:datafield tag="856" ind1="4" ind2="1">
            <marc:subfield code="z">See the map (sheet 3)</marc:subfield>
            <marc:subfield code="u">http://gisserver.princeton.edu/map/13617</marc:subfield>
        </marc:datafield>
        <marc:datafield tag="904" ind1=" " ind2=" ">
            <marc:subfield code="a">gls</marc:subfield>
            <marc:subfield code="b">g</marc:subfield>
            <marc:subfield code="h">m</marc:subfield>
            <marc:subfield code="c">p</marc:subfield>
            <marc:subfield code="e">20071226</marc:subfield>
        </marc:datafield>
        <marc:datafield tag="902" ind1=" " ind2=" ">
            <marc:subfield code="a">gls</marc:subfield>
            <marc:subfield code="b">m</marc:subfield>
            <marc:subfield code="6">e</marc:subfield>
            <marc:subfield code="7">m</marc:subfield>
            <marc:subfield code="d">v</marc:subfield>
            <marc:subfield code="f">2</marc:subfield>
            <marc:subfield code="e">20080312</marc:subfield>
        </marc:datafield>
    </marc:record>
    <marc:record type="Holdings">
        <marc:leader>00171nx  a22000851  4500</marc:leader>
        <marc:controlfield tag="001">5502168</marc:controlfield>
        <marc:controlfield tag="004">5339764</marc:controlfield>
        <marc:controlfield tag="005">20071226143517.0</marc:controlfield>
        <marc:controlfield tag="008">0712264u    8   1001uu   0901128</marc:controlfield>
        <marc:datafield tag="852" ind1="8" ind2=" ">
            <marc:subfield code="b">map</marc:subfield>
            <marc:subfield code="h">HMC01.693</marc:subfield>
        </marc:datafield>
    </marc:record>
    <marc:record type="Holdings">
        <marc:leader>00171nx  a22000851  4500</marc:leader>
        <marc:controlfield tag="001">5502170</marc:controlfield>
        <marc:controlfield tag="004">5339764</marc:controlfield>
        <marc:controlfield tag="005">20071226143633.0</marc:controlfield>
        <marc:controlfield tag="008">0712264u    8   1001uu   0901128</marc:controlfield>
        <marc:datafield tag="852" ind1="8" ind2=" ">
            <marc:subfield code="b">map</marc:subfield>
            <marc:subfield code="h">HMC01.694</marc:subfield>
        </marc:datafield>
    </marc:record>
    <marc:record type="Holdings">
        <marc:leader>00171cx  a22000851  4500</marc:leader>
        <marc:controlfield tag="001">5653074</marc:controlfield>
        <marc:controlfield tag="004">5339764</marc:controlfield>
        <marc:controlfield tag="005">20080714082110.0</marc:controlfield>
        <marc:controlfield tag="008">0807144u    8   1001uu   0901128</marc:controlfield>
        <marc:datafield tag="852" ind1="8" ind2=" ">
            <marc:subfield code="b">map</marc:subfield>
            <marc:subfield code="h">HMC01.695</marc:subfield>
        </marc:datafield>
    </marc:record>
    <marc:record type="Holdings">
        <marc:leader>00182nx  a22000854  4500</marc:leader>
        <marc:controlfield tag="001">7315550</marc:controlfield>
        <marc:controlfield tag="004">5339764</marc:controlfield>
        <marc:controlfield tag="005">20130513135247.0</marc:controlfield>
        <marc:controlfield tag="008">1305134u    8   1001uu   0901128</marc:controlfield>
        <marc:datafield tag="852" ind1="8" ind2=" ">
            <marc:subfield code="b">elf1</marc:subfield>
            <marc:subfield code="h">Electronic Resource</marc:subfield>
        </marc:datafield>
    </marc:record>
</marc:collection>
